<bibtex>

@CONFERENCE{1,
AUTHOR       = {Sarma, P. and Chen, W. H.}, 
TITLE            = {Applications of Optimal Control Theory for Efficient Production Optimization of Realistic Reservoirs},
BOOKTITLE   = {Proceedings of the International Petroleum Technology Conference},
YEAR             = {2008},
Address         = {Kuala Lumpur, Malaysia},
}

@ARTICLE{2,
AUTHOR    = {Brouwer, D. R. and Jansen, J. D.}, 
TITLE         = {Dynamic Optimization of Waterflooding With Smart Wells Using Optimal Control Theory},
JOURNAL  = {SPE Journal},
YEAR         = {2004},
Volume      = {9},
Number     = {4},
Pages       = {391-402},
}
 
@BOOK{3,
AUTHOR     = {Muskat, M.}, 
TITLE          = {Flow of Homogeneous Fluids},
PUBLISHER = {McGraw Hill},
YEAR          = {1937},
}

@inproceedings{Shi:2016:TRS:2882903.2882941,
 author = {Shi, Jieming and Wu, Dingming and Mamoulis, Nikos},
 title = {Top-k Relevant Semantic Place Retrieval on Spatial RDF Data},
 booktitle = {Proceedings of the 2016 International Conference on Management of Data},
 series = {SIGMOD '16},
 year = {2016},
 isbn = {978-1-4503-3531-7},
 location = {San Francisco, California, USA},
 pages = {1977--1990},
 numpages = {14},
 doi = {10.1145/2882903.2882941},
 acmid = {2882941},
 publisher = {ACM},
 address = {New York, NY, USA},
 keywords = {graph processing, knowledge bases, semantic retrieval, spatial RDF},
} 

</bibtex>