@inproceedings{4812421,
  title     = {Top-k Exploration of Query Candidates for Efficient Keyword Search on Graph-Shaped (RDF) Data},
  author    = {T. {Tran} and H. {Wang} and S. {Rudolph} and P. {Cimiano}},
  booktitle = {2009 IEEE 25th International Conference on Data Engineering},
  year      = {2009},
  pages     = {405-416},
  month     = {March}
} 

@inproceedings{AComparisonOfGraphAndRelDB,
  title     = {A comparison of a graph database and a relational database: a data provenance perspective},
  author    = {Vicknair, Chad and Macias, Michael and Zhao, Zhendong and Nan, Xiaofei and Chen, Yixin and Wilkins, Dawn},
  booktitle = {Proceedings of the 48th annual Southeast regional conference},
  pages     = {1--6},
  year      = {2010}
}

@book{akerkar2010knowledge,
  title     = {Knowledge-based systems},
  author    = {Akerkar, Rajendra and Sajja, Priti},
  year      = {2010},
  publisher = {Jones \& Bartlett Publishers}
} 

@article{aqualog,
  title   = {AquaLog: An ontology-driven question answering system for organizational semantic intranets},
  author  = {Vanessa Lopez and Victoria Uren and Enrico Motta and Michele Pasin},
  journal = {Journal of Web Semantics},
  volume  = {5},
  number  = {2},
  pages   = {72 - 105},
  year    = {2007}
}

@article{beckett2004rdf,
  title   = {RDF/XML syntax specification (revised)},
  author  = {Beckett, Dave and McBride, Brian},
  journal = {W3C recommendation},
  volume  = {10},
  number  = {2.3},
  year    = {2004}
}

@inproceedings{blinks,
  title     = {BLINKS: Ranked Keyword Searches on Graphs},
  author    = {He, Hao and Wang, Haixun and Yang, Jun and Yu, Philip S.},
  booktitle = {Proceedings of the 2007 ACM SIGMOD International Conference on Management of Data},
  series    = {SIGMOD '07},
  year      = {2007},
  pages     = {305--316},
  numpages  = {12},
  acmid     = {1247516},
  publisher = {ACM}
}

@article{brickley1999resource,
  title     = {Resource description framework (RDF) schema specification},
  author    = {Brickley, Dan and Guha, Ramanathan V and Layman, Andrew},
  year      = {1999},
  publisher = {Technical report, W3C, 1999. W3C Proposed Recommendation. http://www. w3~…}
}

@book{davies2006semantic,
  title     = {Semantic Web technologies: trends and research in ontology-based systems},
  author    = {Davies, John and Studer, Rudi and Warren, Paul},
  year      = {2006},
  publisher = {John Wiley \& Sons}
}

@misc{dbpedia,
  author = {DBpedia},
  title  = {DBpedia},
  url    = {https://wiki.dbpedia.org}
}

@article{decker2000framework,
  title     = {Framework for the semantic Web: an RDF tutorial},
  author    = {Decker, Stefan and Mitra, Prasenjit and Melnik, Sergey},
  journal   = {IEEE Internet Computing},
  volume    = {4},
  number    = {6},
  pages     = {68--73},
  year      = {2000},
  publisher = {IEEE}
}

@inproceedings{Elbassuoni:2011:KSO:2063576.2063615,
  title     = {Keyword Search over RDF Graphs},
  author    = {Elbassuoni, Shady and Blanco, Roi},
  booktitle = {Proceedings of the 20th ACM International Conference on Information and Knowledge Management},
  series    = {CIKM '11},
  year      = {2011},
  pages     = {237--242},
  numpages  = {6},
  acmid     = {2063615},
  publisher = {ACM}
}

@article{FEILMAYR20161,
  title   = {An analysis of ontologies and their success factors for application to business},
  author  = {Christina Feilmayr and Wolfram Wöß},
  journal = {Data \& Knowledge Engineering},
  volume  = {101},
  pages   = {1 - 23},
  year    = {2016}
}

@article{gutierrez2006introducing,
  title     = {Introducing time into RDF},
  author    = {Gutierrez, Claudio and Hurtado, Carlos A and Vaisman, Alejandro},
  journal   = {IEEE Transactions on Knowledge and Data Engineering},
  volume    = {19},
  number    = {2},
  pages     = {207--218},
  year      = {2006},
  publisher = {IEEE}
}

@article{hoffart2013yago2,
  title     = {YAGO2: A spatially and temporally enhanced knowledge base from Wikipedia},
  author    = {Hoffart, Johannes and Suchanek, Fabian M and Berberich, Klaus and Weikum, Gerhard},
  journal   = {Artificial Intelligence},
  volume    = {194},
  pages     = {28--61},
  year      = {2013},
  publisher = {Elsevier}
}

@article{jena2,
  title   = {Efficient RDF Storage and Retrieval in Jena2},
  author  = {Wilkinson, Kevin and Sayers, Craig and Kuno, Harumi and Reynolds, Dave and Database, Jena},
  year    = {2004},
  month   = {02},
  pages   = {},
  journal = {Proceedings of SWDB}
}

@inproceedings{KGDef,
  title  = {Towards a Definition of Knowledge Graphs},
  author = {Ehrlinger, Lisa and Wöß, Wolfram},
  year   = {2016},
  month  = {09},
  pages  = {}
}

@article{KGDefYago,
  title     = {Linked data quality of dbpedia, freebase, opencyc, wikidata, and yago},
  author    = {F{\"a}rber, Michael and Bartscherer, Frederic and Menne, Carsten and Rettinger, Achim},
  journal   = {Semantic Web},
  volume    = {9},
  number    = {1},
  pages     = {77--129},
  year      = {2018},
  publisher = {IOS Press}
}

@inproceedings{mahdisoltani:hal-01699874,
  title     = {YAGO3: A Knowledge Base from Multilingual Wikipedias},
  author    = {Mahdisoltani, Farzaneh and Biega, Joanna and Suchanek, Fabian M.},
  booktitle = {{CIDR}},
  year      = {2013},
  month     = Jan
}

@article{mcbride2002jena,
  title     = {Jena: A semantic web toolkit},
  author    = {McBride, Brian},
  journal   = {IEEE Internet computing},
  volume    = {6},
  number    = {6},
  pages     = {55--59},
  year      = {2002},
  publisher = {IEEE}
}

@article{r-tree-spatio-temporal,
  author = {Šaltenis, Simonas and Jensen, Christian and (codirector, Christian and Böhlen, Michael and Dyreson, Curtis and Gregersen, Heidi and Simonas, Dieter and Skyt, Janne and Slivinskas, Giedrius and Torp, Kristian and (codirector, Richard and Moon, Bongki and Soo, Michael and Com, Amazon and Timeconsult, Andreas},
  year   = {2000},
  month  = {01},
  pages  = {},
  title  = {R-Tree Based Indexing of General Spatio-Temporal Data}
}

@inproceedings{riaz2011applications,
  title        = {Applications of graph theory in computer science},
  author       = {Riaz, Ferozuddin and Ali, Khidir M},
  booktitle    = {2011 Third International Conference on Computational Intelligence, Communication Systems and Networks},
  pages        = {142--145},
  year         = {2011},
  organization = {IEEE}
}

@inproceedings{Shi:2016:TRS:2882903.2882941,
  title     = {Top-k Relevant Semantic Place Retrieval on Spatial RDF Data},
  author    = {Shi, Jieming and Wu, Dingming and Mamoulis, Nikos},
  booktitle = {Proceedings of the 2016 International Conference on Management of Data},
  series    = {SIGMOD '16},
  year      = {2016},
  pages     = {1977--1990},
  numpages  = {14},
  publisher = {ACM}
}

@inproceedings{Tao:2003:TOS:1315451.1315519,
  author    = {Tao, Yufei and Papadias, Dimitris and Sun, Jimeng},
  title     = {The TPR*-tree: An Optimized Spatio-temporal Access Method for Predictive Queries},
  booktitle = {Proceedings of the 29th International Conference on Very Large Data Bases - Volume 29},
  series    = {VLDB '03},
  year      = {2003},
  pages     = {790--801},
  numpages  = {12},
  publisher = {VLDB Endowment}
}

@inproceedings{tappolet2009applied,
  title     = {Applied temporal RDF: Efficient temporal querying of RDF data with SPARQL},
  author    = {Tappolet, Jonas and Bernstein, Abraham},
  booktitle = {European Semantic Web Conference},
  pages     = {308--322},
  year      = {2009}
}

@misc{worthington1996using,
  title     = {Using texts to sequence the introduction of new vocabulary in an EAP course},
  author    = {Worthington, Denice and Nation, Paul},
  year      = {1996},
  publisher = {Sage Publications Sage CA: Thousand Oaks, CA}
}

@inproceedings{yago,
  title     = {{Yago: A Core of Semantic Knowledge}},
  author    = {Fabian M. Suchanek and Gjergji Kasneci and Gerhard Weikum},
  booktitle = {16th International Conference on the World Wide Web},
  pages     = {697--706},
  year      = {2007}
}

@article{zipf,
  title   = {Zipf’s word frequency law in natural language: A critical review and future directions},
  author  = {Piantadosi, Steven T},
  journal = {Psychon Bull Rev},
  volume  = {21},
  pages   = {1112--1130},
  year    = {2014}
}